@article{wu1983convergence,
  title={On the convergence properties of the EM algorithm},
  author={Wu, CF Jeff},
  journal={The Annals of statistics},
  pages={95--103},
  year={1983},
  publisher={JSTOR}
}

@article{ghahramani1997factorial,
  title={Factorial Hidden Markov Models},
  author={Ghahramani, Zoubin and Jordan, Michael I.},
  journal={Machine Learning},
  volume={29},
  number={2-3},
  pages={245--273},
  year={1997},
  publisher={Springer}
}

@book{ben2003generalized,
  title={Generalized inverses: theory and applications},
  author={Ben-Israel, Adi and Greville, Thomas NE},
  volume={15},
  year={2003},
  publisher={Springer Science \& Business Media}
}


@article{wainwright2008graphical,
  title={Graphical models, exponential families, and variational inference},
  author={Wainwright, Martin J and Jordan, Michael I},
  journal={Foundations and Trends{\textregistered} in Machine Learning},
  volume={1},
  number={1-2},
  pages={1--305},
  year={2008},
  publisher={Now Publishers Inc.}
}
