@article{wu1983convergence,
  title={On the convergence properties of the EM algorithm},
  author={Wu, CF Jeff},
  journal={The Annals of statistics},
  pages={95--103},
  year={1983},
  publisher={JSTOR}
}

@article{ghahramani1997factorial,
  title={Factorial Hidden Markov Models},
  author={Ghahramani, Zoubin and Jordan, Michael I.},
  journal={Machine Learning},
  volume={29},
  number={2-3},
  pages={245--273},
  year={1997},
  publisher={Springer}
}
